<record><leader>00000cas a22000007a 4500</leader><controlfield tag="001">36926520</controlfield><controlfield tag="008">970519d19131915sduwr ne      0    0eng d</controlfield><datafield ind1=" " ind2=" " tag="010"><subfield code="a">sn 97065783 </subfield></datafield><datafield ind1=" " ind2=" " tag="040"><subfield code="a">SXN</subfield><subfield code="b">eng</subfield><subfield code="c">SXN</subfield><subfield code="d">DLC</subfield><subfield code="d">SXN</subfield><subfield code="d">OCLCQ</subfield><subfield code="d">OCLCF</subfield><subfield code="d">OCLCO</subfield></datafield><datafield ind1="1" ind2=" " tag="029"><subfield code="a">AU@</subfield><subfield code="b">000024818841</subfield></datafield><datafield ind1=" " ind2=" " tag="042"><subfield code="a">msc</subfield></datafield><datafield ind1="0" ind2="0" tag="245"><subfield code="a">Stock growers news, Leslie pioneer and Sioux stock journal.</subfield></datafield><datafield ind1=" " ind2=" " tag="260"><subfield code="a">Fort Pierre, Stanley County, S.D. :</subfield><subfield code="b">Stock Growers News Co.</subfield></datafield><datafield ind1=" " ind2=" " tag="300"><subfield code="a">v.</subfield></datafield><datafield ind1=" " ind2=" " tag="310"><subfield code="a">Weekly</subfield></datafield><datafield ind1="0" ind2=" " tag="362"><subfield code="a">Vol. 9, no. 10 (Sept. 18, 1913)-v. 12, no. 3 (July 29, 1915).</subfield></datafield><datafield ind1=" " ind2=" " tag="530"><subfield code="a">Available on microfilm from: State Archives, South Dakota State Historical Society.</subfield></datafield><datafield ind1=" " ind2=" " tag="580"><subfield code="a">Merged with: Fort Pierre times (Fort Pierre, S.D. : 1915), to form: Fort Pierre times, Stanley County homestead, Leslie pioneer, Sioux stock journal and stock growers news.</subfield></datafield><datafield ind1=" " ind2="0" tag="651"><subfield code="a">Fort Pierre (S.D.)</subfield><subfield code="v">Newspapers.</subfield></datafield><datafield ind1=" " ind2="0" tag="651"><subfield code="a">Stanley County (S.D.)</subfield><subfield code="v">Newspapers.</subfield></datafield><datafield ind1=" " ind2="7" tag="655"><subfield code="a">Newspapers.</subfield><subfield code="2">fast</subfield><subfield code="0">(OCoLC)fst01423814</subfield></datafield><datafield ind1=" " ind2="7" tag="651"><subfield code="a">South Dakota</subfield><subfield code="z">Fort Pierre.</subfield><subfield code="2">fast</subfield><subfield code="0">(OCoLC)fst01224836</subfield></datafield><datafield ind1=" " ind2="7" tag="651"><subfield code="a">South Dakota</subfield><subfield code="z">Stanley County.</subfield><subfield code="2">fast</subfield><subfield code="0">(OCoLC)fst01230570</subfield></datafield><datafield ind1=" " ind2=" " tag="752"><subfield code="a">United States</subfield><subfield code="b">South Dakota</subfield><subfield code="c">Stanley</subfield><subfield code="d">Fort Pierre.</subfield></datafield><datafield ind1="0" ind2="0" tag="780"><subfield code="t">Stock growers news, Leslie pioneer, the fairplay and Sioux stock journal</subfield><subfield code="w">(DLC)sn 97065781</subfield></datafield><datafield ind1="1" ind2="7" tag="785"><subfield code="t">Fort Pierre times (Fort Pierre, S.D. : 1915)</subfield><subfield code="w">(DLC)sn 97065789</subfield></datafield><datafield ind1="1" ind2="7" tag="785"><subfield code="t">Fort Pierre times, Stanley County homestead, Leslie pioneer, Sioux stock journal and stock growers news</subfield><subfield code="w">(DLC)sn 97065783</subfield></datafield></record>